@book{klenke,
    title =     "Probability Theory: A Comprehensive Course",
    author =    "Achim Klenke",
    publisher = "Springer",
    year =      "2006",
    edition =   2
}